@Misc{	socketserver,
	author = {Unknown},
	title = {Socket Server Example},
	howpublished = {Webseite},
	note = {\url{http://www.tutorialspoint.com/unix_sockets/socket_server_example.htm} besucht am 09.04.2014}
}

@Misc{	fork1,
	author = {Unknown},
	title = {Multiclient Server using fork},
	howpublished = {Webseite},
	note = {\url{http://stackoverflow.com/questions/13669474/multiclient-server-using-fork} besucht am 09.04.2014}
}

@Misc{	fork2,
	author = {Unknown},
	title = {Understanding C's fork() through a simple example},
	howpublished = {Webseite},
	note = {\url{http://stackoverflow.com/questions/15262860/understanding-cs-fork-through-a-simple-example} besucht am 09.04.2014}
}

@Misc{	socketclient,
	author = {Unknown},
	title = {Socket Client Example},
	howpublished = {Webseite},
	note = {\url{http://www.tutorialspoint.com/unix_sockets/socket_client_example.htm} besucht am 09.04.2014}
}

@Misc{	stcmp,
	author = {Elias Fischer},
	title = {Stringfunktionen},
	howpublished = {Webseite},
	note = {\url{http://www.c-howto.de/tutorial-strings-zeichenketten-stringfunktionen-vergleichen-strcmp.html} besucht am 10.04.2014}
}

@Misc{	substring,
	author = {Various},
	title = {extract substring from string in c},
	howpublished = {Webseite},
	note = {\url{http://www.linuxquestions.org/questions/programming-9/extract-substring-from-string-in-c-432620/} besucht am 10.04.2014}
}

@Misc{	gitbk,
	author = {Karl Brodowsky},
	title = {Various},
	howpublished = {Webseite},
	note = {\url{https://github.com/bk1/sysprogramming-examples} besucht am 10.04.2014}
}

@Misc{	semctl,
	author = {FH-KÃ¶ln},
	title = {Der Systemaufruf semctl()},
	howpublished = {Webseite},
	note = {\url{http://www.nt.fh-koeln.de/fachgebiete/inf/diplom/semwork/unix/semctl/semctl.html} besucht am 22.05.2014}
}

@Book{	unix_environment,
	author = {W. Richard Stevens, Stephen A. Rago},
	title = {Advanced Programming in the UNIX environment},
	publisher = {Addison-Wesley Professional Computing Series},
	year = {2013}
}
